@book{KT2016,
	title = {Applied Combinatorics},
	author = {Keller, Mitchel T and Trotter, William T},
	year = 2016,
	publisher = {Mitchel T. Keller, William T. Trotter},
	url = {http://www.rellek.net/appcomb/}}

@book{Bogart2004,
	title = {Combinatorics through guided discovery},
	author = {Bogart, Kenneth P},
	year = 2004,
	url = {https://bogart.openmathbooks.org/}}

@book{Nelsen1993,
	title = {Proofs Without Words},
	author = {Nelsen, Roger B.},
	year = 1993}
