%%%%%%%%%%
% Papers %
%%%%%%%%%%

@inproceedings{Itô2004,
	address = "Tokyo, Japan",
	author = "Itô, Kiyosi",
	booktitle = "Stochastic Analysis and Related Topics in Kyoto: In honour of Kiyosi Itô",
	pages = "1–1",
	publisher = "Mathematical Society of Japan",
	title = "A note of thanks by K. Itô",
	url = "https://projecteuclid.org/euclid.aspm/1546542600",
	year = "2004"}

@inproceedings{Itô1978,
	author = "Itô, Kiyosi",
	title = "Extension of stochastic integrals",
	booktitle = "Proceedings of the International Symposium on Stochastic Differential Equations",
	year = 1978,
	pages = {95–109},
	publisher={Kinokuniya}}

@inproceedings{Itô1972,
	address = "Berkeley, Calif.",
	author = "Itô, Kiyosi",
	booktitle = "Proceedings of the Sixth Berkeley Symposium on Mathematical Statistics and Probability, Volume 3: Probability Theory",
	pages = "225–239",
	publisher = "University of California Press",
	title = "Poisson point processes attached to Markov processes",
	url = "https://projecteuclid.org/euclid.bsmsp/1200514340",
	year = "1972"}

@article{Itô1970,
	author = "Itô, Kiyosi",
	fjournal = "Nagoya Mathematical Journal",
	journal = "Nagoya Math. J.",
	pages = "181–183",
	publisher = "Nagoya Mathematical Journal",
	title = "The topological support of Gauss measure on Hilbert space",
	url = "https://projecteuclid.org:443/euclid.nmj/1118797973",
	volume = "38",
	year = "1970"}

@article{ito1968,
	author = "ITO, Kiyosi",
	doi = "10.2969/jmsj/02010130",
	fjournal = "Journal of the Mathematical Society of Japan",
	journal = "J. Math. Soc. Japan",
	month = "04",
	number = "1-2",
	pages = "130–150",
	publisher = "Mathematical Society of Japan",
	title = "The canonical modification of stochastic processes",
	url = "https://doi.org/10.2969/jmsj/02010130",
	volume = "20",
	year = "1968"}

@article{Itô1968,
	author = "Itô, Kiyosi and Nisio, Makiko",
	fjournal = "Osaka Journal of Mathematics",
	journal = "Osaka J. Math.",
	number = "1",
	pages = "35–48",
	publisher = "Osaka University and Osaka City University, Departments of Mathematics",
	title = "On the convergence of sums of independent Banach space valued random variables",
	url = "https://projecteuclid.org:443/euclid.ojm/1200692040",
	volume = "5",
	year = "1968"}

@inproceedings{Itô1967,
	address = "Berkeley, Calif.",
	author = "Itô, Kiyosi",
	booktitle = "Proceedings of the Fifth Berkeley Symposium on Mathematical Statistics and Probability, Volume 2: Contributions to Probability Theory,  Part 1",
	pages = "145–161",
	publisher = "University of California Press",
	title = "Generalized uniform complex measures in the Hilbertian metric space with their application to the Feynman integral",
	url = "https://projecteuclid.org/euclid.bsmsp/1200513268",
	year = "1967"
}

@article{Itô1964,
	author = "Itô, Kiyosi and Nisio, Makiko",
	doi = "10.1215/kjm/1250524705",
	fjournal = "Journal of Mathematics of Kyoto University",
	journal = "J. Math. Kyoto Univ.",
	number = "1",
	pages = "1–75",
	publisher = "Duke University Press",
	title = "On stationary solutions of a stochastic differential equation",
	url = "https://doi.org/10.1215/kjm/1250524705",
	volume = "4",
	year = "1964"}

@article{ito1963,
	author = "Ito, Kiyosi",
	doi = "10.1215/kjm/1250524817",
	fjournal = "Journal of Mathematics of Kyoto University",
	journal = "J. Math. Kyoto Univ.",
	number = "2",
	pages = "207–216",
	publisher = "Duke University Press",
	title = "The expected number of zeros of continuous stationary Gaussian processes",
	url = "https://doi.org/10.1215/kjm/1250524817",
	volume = "3",
	year = "1963"}

@inproceedings{Itô1961,
	address = "Berkeley, Calif.",
	author = "Itô, Kiyosi",
	booktitle = "Proceedings of the Fourth Berkeley Symposium on Mathematical Statistics and Probability, Volume 2: Contributions to Probability Theory",
	pages = "227–238",
	publisher = "University of California Press",
	title = "Wiener Integral and Feynman Integral",
	url = "https://projecteuclid.org/euclid.bsmsp/1200512604",
	year = "1961"}

@article{Itô1960,
	author = "Itô, Kiyosi and McKean, H. P.",
	doi = "10.1215/ijm/1255455738",
	fjournal = "Illinois Journal of Mathematics",
	journal = "Illinois J. Math.",
	month = "03",
	number = "1",
	pages = "119–132",
	publisher = "Duke University Press",
	title = "Potentials and the random walk",
	url = "https://doi.org/10.1215/ijm/1255455738",
	volume = "4",
	year = "1960"}

@inproceedings{Itô1956,
	address = "Berkeley, Calif.",
	author = "Itô, Kiyosi",
	booktitle = "Proceedings of the Third Berkeley Symposium on Mathematical Statistics and Probability, Volume 2: Contributions to Probability Theory",
	pages = "125–132",
	publisher = "University of California Press",
	title = "Isotropic Random Current",
	url = "https://projecteuclid.org/euclid.bsmsp/1200502010",
	year = "1956"}

@article{Itô1954,
	author = "Itô, Kiyosi",
	doi = "10.1215/kjm/1250777359",
	fjournal = "Memoirs of the College of Science, University of Kyoto. Series A: Mathematics",
	journal = "Mem. College Sci. Univ. Kyoto Ser. A Math.",
	number = "3",
	pages = "209–223",
	publisher = "Duke University Press",
	title = "Stationary random distributions",
	url = "https://doi.org/10.1215/kjm/1250777359",
	volume = "28",
	year = "1954"}

@article{Itô1953,
	author = "Itô, Kiyosi",
	doi = "10.1215/kjm/1250777513",
	fjournal = "Memoirs of the College of Science, University of Kyoto. Series A: Mathematics",
	journal = "Mem. College Sci. Univ. Kyoto Ser. A Math.",
	number = "1",
	pages = "81–85",
	publisher = "Duke University Press",
	title = "Stochastic Differential Equations in a Differentiable Manifold (2)",
	url = "https://doi.org/10.1215/kjm/1250777513",
	volume = "28",
	year = "1953"}

@article{Itô1951MWI,
	author = "Itô, Kiyosi",
	doi = "10.2969/jmsj/00310157",
	fjournal = "Journal of the Mathematical Society of Japan",
	journal = "J. Math. Soc. Japan",
	month = "05",
	number = "1",
	pages = "157–169",
	publisher = "Mathematical Society of Japan",
	title = "Multiple Wiener Integral",
	url = "https://doi.org/10.2969/jmsj/00310157",
	volume = "3",
	year = "1951"}

@article{Itô1951SD,
	author = "Itô, Kiyosi",
	fjournal = "Nagoya Mathematical Journal",
	journal = "Nagoya Math. J.",
	pages = "55–65",
	publisher = "Nagoya Mathematical Journal",
	title = "On a formula concerning stochastic differentials",
	url = "https://projecteuclid.org:443/euclid.nmj/1118799221",
	volume = "3",
	year = "1951"}

@article{Itô1950,
	author = "Itô, Kiyosi",
	fjournal = "Nagoya Mathematical Journal",
	journal = "Nagoya Math. J.",
	pages = "35–47",
	publisher = "Nagoya Mathematical Journal",
	title = "Stochastic differential equations in a differentiable manifold",
	url = "https://projecteuclid.org:443/euclid.nmj/1118764702",
	volume = "1",
	year = "1950"}

@article{Itô1950,
	author = "Itô, Kiyosi",
	doi = "10.3792/pja/1195571633",
	fjournal = "Proceedings of the Japan Academy",
	journal = "Proc. Japan Acad.",
	number = "8",
	pages = "4–10",
	publisher = "The Japan Academy",
	title = "Brownian motions in a Lie group",
	url = "https://doi.org/10.3792/pja/1195571633",
	volume = "26",
	year = "1950"}

@article{Itô1946,
	author = "Itô, Kiyosi",
	doi = "10.3792/pja/1195572371",
	fjournal = "Proceedings of the Japan Academy",
	journal = "Proc. Japan Acad.",
	number = "2",
	pages = "32–35",
	publisher = "The Japan Academy",
	title = "On a stochastic integral equation",
	url = "https://doi.org/10.3792/pja/1195572371",
	volume = "22",
	year = "1946"}

@article{Itô1944,
	author = "Itô, Kiyosi",
	doi = "10.3792/pia/1195572704",
	fjournal = "Proceedings of the Imperial Academy",
	journal = "Proc. Imp. Acad.",
	number = "10",
	pages = "694–700",
	publisher = "The Japan Academy",
	title = "On student's test",
	url = "https://doi.org/10.3792/pia/1195572704",
	volume = "20",
	year = "1944"}

@article{Itô1944SI,
	author = "Itô, Kiyosi",
	doi = "10.3792/pia/1195572786",
	fjournal = "Proceedings of the Imperial Academy",
	journal = "Proc. Imp. Acad.",
	number = "8",
	pages = "519–524",
	publisher = "The Japan Academy",
	title = "Stochastic integral",
	url = "https://doi.org/10.3792/pia/1195572786",
	volume = "20",
	year = "1944"}

@article{Itô1944NSP,
	author = "Itô, Kiyosi",
	doi = "10.3792/pia/1195573043",
	fjournal = "Proceedings of the Imperial Academy",
	journal = "Proc. Imp. Acad.",
	number = "4",
	pages = "199–202",
	publisher = "The Japan Academy",
	title = "On the normal stationary process with no hysteresis",
	url = "https://doi.org/10.3792/pia/1195573043",
	volume = "20",
	year = "1944"}

@article{Itô1944SL,
	author = "Itô, Kiyosi",
	doi = "10.3792/pia/1195573044",
	fjournal = "Proceedings of the Imperial Academy",
	journal = "Proc. Imp. Acad.",
	number = "4",
	pages = "203–209",
	publisher = "The Japan Academy",
	title = "A screw line in Hilbert space and its application to the probability theory",
	url = "https://doi.org/10.3792/pia/1195573044",
	volume = "20",
	year = "1944"}

@article{Itô1944T,
	author = "Itô, Kiyosi",
	doi = "10.3792/pia/1195573107",
	fjournal = "Proceedings of the Imperial Academy",
	journal = "Proc. Imp. Acad.",
	number = "3",
	pages = "120–122",
	publisher = "The Japan Academy",
	title = "A kinematic theory of turbulence",
	url = "https://doi.org/10.3792/pia/1195573107",
	volume = "20",
	year = "1944"}

@article{Itô1944E,
	author = "Itô, Kiyosi",
	doi = "10.3792/pia/1195573148",
	fjournal = "Proceedings of the Imperial Academy",
	journal = "Proc. Imp. Acad.",
	number = "2",
	pages = "54–55",
	publisher = "The Japan Academy",
	title = "On the ergodicity of a certain stationary process",
	url = "https://doi.org/10.3792/pia/1195573148",
	volume = "20",
	year = "1944"}
