@book{EndertonLogic2001,
	title = {A Mathematical Introduction to Logic},
	author = {Enderton, Herbert B.},
	year = 2001,
	edition = 2,
	publisher = {Academic Press},
	address = {Boston},
	isbn = {978-0-08-049646-7},
	doi = {10.1016/C2009-0-22107-6}}
