@Article{Hardy2013,
	author="Hardy, Michael",
	title="Three Thoughts on ``Prime Simplicity''",
	journal="The Mathematical Intelligencer",
	year="2013",
	month="Mar",
	day="01",
	volume="35",
	number="1",
	pages="2--2",
	issn="1866-7414",
	doi="10.1007/s00283-012-9322-z"}

@Article{HardyWoodgold2009,
	author="Hardy, Michael
	and Woodgold, Catherine",
	title="Prime Simplicity",
	journal="The Mathematical Intelligencer",
	year="2009",
	month="Sep",
	day="18",
	volume="31",
	number="4",
	pages="44",
	issn="1866-7414",
	doi="10.1007/s00283-009-9064-8"}

@article{AgrawalKayalSaxena2004,
	author = {Agrawal, Manindra and Kayal, Neeraj and Saxena, Nitin},
	title = {PRIMES is in P},
	year = 2004,
	volume = 160,
	issue = 2,
	pages = {781â€“793},
	doi={10.4007/annals.2004.160.781}}