%%%%%%%%%
% Books %
%%%%%%%%%

@book{Steele2001,
	author = {Steele, J. Michael},
	title = {Stochastic Calculus and Financial Applications},
	year = 2001,
	edition = 1,
	series = {Stochastic Modelling and Applied Probability},
	publisher = {Springer-Verlag},
	location = {New York},
	isbn = {978-1-4684-9305-4},
	doi = {10.1007/978-1-4684-9305-4}}

@book{Kuo2006,
	author = {Kuo, Hui-Hsiung},
	title = {Introduction to Stochastic Integration},
	year = 2006,
	edition = 1,
	series = {Universitext},
	publisher = {Springer-Verlag},
	location = {New York},
	isbn = {978-0-387-31057-2},
	doi = {10.1007/0-387-31057-6}}

@book{Øksendal2003,
	author = {Øksendal, Bernt},
	title = {Stochastic Differential Equations},
	subtitle = {An Introduction with Applications},
	year = 2003,
	edition = 6,
	series = {Universitext},
	publisher = {Springer-Verlag},
	location = {Berlin},
	location = {Heidelberg},
	isbn = {978-3-642-14394-6},
	doi = {10.1007/978-3-642-14394-6}}

@book{HoffmannJørgensen1994,
	author = {Hoffmann-Jørgensen, Jørgen},
	title = {Probability With a View Towards Statistics},
	year = 1994,
	volume = 1,
	edition = 1,
	series = {Chapman & Hall probability series},
	publisher = {Chapman and Hall},
	publisher = {CRC Press},
	location = {New York},
	imprint = {Routledge},
	isbn = 9780412052217}

@book{MacCluer2009,
	author = {MacCluer, Barbara},
	title = {Elementary Functional Analysis},
	year = 2009,
	volume = 253,
	edition = 1,
	series = {Graduate Texts in Mathematics},
	publisher = {Springer-Verlag},
	location = {New York},
	imprint = {Routledge},
	isbn = {978-0-387-85528-8},
	doi = {10.1007/978-0-387-85529-5}}

@book{SundarKallianpur2014,
	author = {Sundar, P and Kallianpur, Gopinath},
	title = {Stochastic Analysis and Diffusion Processes},
	year = 2014,
	isbn = 9780199657063,
	doi = {10.1093/acprof:oso/9780199657063.001.0001}}



%%%%%%%%%%
% Papers %
%%%%%%%%%%

@article{Girsanov1960,
	author = {Girsanov, I. V.},
	title = {On Transforming a Certain Class of Stochastic Processes by Absolutely Continuous Substitution of Measures},
	year = 1960,
	journal = {Theory of Probability & Its Applications},
	volume = 5,
	issue = 3,
	pages = {285–301},
	doi = {10.1137/1105027},
	url = {https://ece.uwaterloo.ca/~ece784/girsanov.1960paper.pdf}}
