@inproceedings{wiener1956,
	address = "Berkeley, Calif.",
	author = "Wiener, Norbert",
	booktitle = "Proceedings of the Third Berkeley Symposium on Mathematical Statistics and Probability, Volume 3: Contributions to Astronomy and Physics",
	pages = "247--252",
	publisher = "University of California Press",
	title = "Nonlinear Prediction and Dynamics",
	url = "https://projecteuclid.org/euclid.bsmsp/1200502197",
	year = "1956"}

@article{wiener1951,
	author = "Wiener, Norbert",
	fjournal = "Bulletin of the American Mathematical Society",
	journal = "Bull. Amer. Math. Soc.",
	month = "01",
	pages = "27--35",
	publisher = "American Mathematical Society",
	title = "Problems of sensory prosthesis",
	url = "https://projecteuclid.org:443/euclid.bams/1183515799",
	volume = "57",
	year = "1951"}

@article{littlewood1949,
	author = "Littlewood, J. E. and Pólya, G. and Mordell, L. J. and Titchmarsh, E. C. and Davenport, H. and Wiener, Norbert",
	fjournal = "Bulletin of the American Mathematical Society",
	journal = "Bull. Amer. Math. Soc.",
	month = "11",
	number = "11",
	pages = "1082",
	publisher = "American Mathematical Society",
	title = "Two statements concerning the article on G. H. Hardy",
	url = "https://projecteuclid.org:443/euclid.bams/1183514223",
	volume = "55",
	year = "1949"}

@article{wiener1949,
	author = "Wiener, Norbert",
	fjournal = "Bulletin of the American Mathematical Society",
	journal = "Bull. Amer. Math. Soc.",
	month = "01",
	pages = "72--77",
	publisher = "American Mathematical Society",
	title = "Godfrey Harold Hardy 1877-1947",
	url = "https://projecteuclid.org:443/euclid.bams/1183513380",
	volume = "55",
	year = "1949"}

@article{wiener1939,
	author = "Wiener, Norbert",
	doi = "10.1215/S0012-7094-39-00501-6",
	fjournal = "Duke Mathematical Journal",
	journal = "Duke Math. J.",
	month = "03",
	number = "1",
	pages = "1--18",
	publisher = "Duke University Press",
	title = "The ergodic theorem",
	url = "https://doi.org/10.1215/S0012-7094-39-00501-6",
	volume = "5",
	year = "1939"}

@article{wiener1933,
	author = "Wiener, Norbert",
	fjournal = "Bulletin of the American Mathematical Society",
	journal = "Bull. Amer. Math. Soc.",
	month = "07",
	number = "7",
	pages = "476",
	publisher = "American Mathematical Society",
	title = "R. E. A. C. Paley—In memoriam",
	url = "https://projecteuclid.org:443/euclid.bams/1183496789",
	volume = "39",
	year = "1933"}

@article{wiener1930,
	author = "Wiener, Norbert",
	doi = "10.1007/BF02546511",
	fjournal = "Acta Mathematica",
	journal = "Acta Math.",
	pages = "117--258",
	publisher = "Institut Mittag-Leffler",
	title = "Generalized harmonic analysis",
	url = "https://doi.org/10.1007/BF02546511",
	volume = "55",
	year = "1930"}

@article{wiener1924,
	author = "Wiener, Norbert",
	fjournal = "Bulletin of the American Mathematical Society",
	journal = "Bull. Amer. Math. Soc.",
	month = "05",
	number = "5-6",
	pages = "258--262",
	publisher = "American Mathematical Society",
	title = "Four Books on Space",
	url = "https://projecteuclid.org:443/euclid.bams/1183486018",
	volume = "30",
	year = "1924"}

@article{wiener1924,
	author = "Wiener, Norbert",
	fjournal = "Bulletin of the American Mathematical Society",
	journal = "Bull. Amer. Math. Soc.",
	month = "05",
	number = "5-6",
	pages = "277",
	publisher = "American Mathematical Society",
	title = "Review: E. Study, Denken und Darstellung; Logik und Werte; Dingliches und Menschliches in Mathematik und Naturwissenschaften",
	url = "https://projecteuclid.org:443/euclid.bams/1183486028",
	volume = "30",
	year = "1924"}

@article{wiener1921,
	author = "Wiener, Norbert",
	fjournal = "Bulletin of the American Mathematical Society",
	journal = "Bull. Amer. Math. Soc.",
	month = "06",
	number = "9-10",
	pages = "443--445",
	publisher = "American Mathematical Society",
	title = "The isomorphisms of complex algebra",
	url = "https://projecteuclid.org:443/euclid.bams/1183425730",
	volume = "27",
	year = "1921"}

@article{wiener1920,
	author = "Wiener, Norbert",
	fjournal = "Bulletin of the American Mathematical Society",
	journal = "Bull. Amer. Math. Soc.",
	month = "10",
	number = "1",
	pages = "6--10",
	publisher = "American Mathematical Society",
	title = "Certain iterative characteristics of bilinear operations",
	url = "https://projecteuclid.org:443/euclid.bams/1183425416",
	volume = "27",
	year = "1920"}
