@article{moore1900,
  title={A Simple Proof of the Fundamental {C}auchy--{G}oursat Theorem},
  author={Moore, Eliakim H.},
  journal={Transactions of the American Mathematical Society},
  volume={1},
  number={4},
  pages={499--506},
  year={1900},
  note={\doi{10.1090/S0002-9947-1900-1500551-3}}
}

@article{cho2016semantics,
  title={Semantics for a quantum programming language by operator algebras},
  author={Cho, Kenta},
  journal={New Generation Computing},
  volume={34},
  number={1-2},
  pages={25--68},
  year={2016},
  publisher={Springer},
  note={\doi{10.1007/s00354-016-0204-3}}
}

@article{jacobs2013block,
  title={On block structures in quantum computation},
  author={Jacobs, Bart P.F.},
  journal={ENTCS},
  volume={298},
  pages={233--255},
  year={2013},
  note={\doi{10.1016/j.entcs.2013.09.016}}
}

@mastersthesis{rennela2015operator,
  title={Operator Algebras in Quantum Computation},
  author={Rennela, Mathys P.A.},
  note={\arXiv{1510.06649v1}},
  school={Radboud University},
  year={2015}
}

@inproceedings{Gogioso2017,
  title = "Infinite-dimensional Categorical Quantum Mechanics",
  author = "Gogioso, Stefano and Genovese, Fabrizio",
  year = "2017",
  series = "EPTCS",
  booktitle = "QPL 2016",
  pages = "51--69",
  volume = "236",
  note = "\doi{10.4204/EPTCS.236.4} \arXiv{1605.04305v2}"
}

@phdthesis{malherbe2013categorical,
  title={Categorical models of computation: partially traced categories and presheaf models of quantum computation},
  author={Malherbe, Octavio},
  note={\arXiv{1301.5087v1}},
  year={2010},
  school={University of Ottawa}
}

@article{hasuo2017semantics,
  title={Semantics of higher-order quantum computation via geometry of interaction},
  author={Hasuo, Ichiro and Hoshino, Naohiko},
  journal={Annals of Pure and Applied Logic},
  volume={168},
  number={2},
  pages={404--469},
  year={2017},
  note={\doi{10.1016/j.apal.2016.10.010}}
}

@inproceedings{pagani2014applying,
  title={Applying quantitative semantics to higher-order quantum computing},
  author={Pagani, Michele and Selinger, Peter and Valiron, Beno{\^\i}t},
  booktitle={POPL 2014},
  series={ACM SIGPLAN Notices},
  volume={49},
  number={1},
  pages={647--658},
  year={2014},
  note={\doi{10.1145/2535838.2535879} \arXiv{1311.2290v1}}
}

@inproceedings{furber2013kleisli,
  title={From {K}leisli categories to commutative {$C^*$}-algebras: probabilistic {G}elfand duality},
  author={Furber, Robert W.J. and Jacobs, Bart P.F.},
  series={LNCS},
  volume={8089},
  booktitle={CALCO 2013},
  pages={141--157},
  year={2013},
  note={\doi{10.1007/978-3-642-40206-7\_12}}
}

@misc{riesz,
	author = {van Rooij, Arnoud C.M.},
	title = {Riesz spaces},
	year = {2011},
	institution = {Radboud University},
	howpublished = {\url{https://github.com/awesterb/riesz-spaces}}
}
 
@book{conway2000,
  title={A course in operator theory},
  author={Conway, John B.},
  year={2000},
  note={\doi{10.1090/gsm/021}}
}

@book{conway2013,
  title={A course in functional analysis},
  author={Conway, John B.},
  year={1985},
  note={\doi{10.1007/978-1-4757-3828-5}}
}

@book{kr,
  title={Fundamentals of the Theory of Operator Algebras, I \& II},
  author={Kadison, Richard V. and Ringrose, John R.},
  year={1983},
  note={\doi{10.1090/gsm/015} \& \doi{10.1090/gsm/016}}
}

@article{stinespring,
    title={Positive functions on {C}*-algebras},
    author={Stinespring, W. Forrest},
    journal={Proceedings of the American Mathematical Society},
    volume={6},
    number={2},
    pages={211--216},
    year={1955},
    publisher={JSTOR},
    note={\doi{10.2307/2032342}}
}

@article{paschke,
  title={Inner product modules over {B}*-algebras},
  author={Paschke, William L.},
  journal={Transactions of the American Mathematical Society},
  volume={182},
  pages={443--468},
  year={1973},
  note={\doi{10.1090/S0002-9947-1973-0355613-0}}
}

@article{sokal,
 author = {Sokal, Alan D.},
 journal = {The American Mathematical Monthly},
 number = {5},
 pages = {450-452},
 publisher = {Mathematical Association of America},
 title = {A Really Simple Elementary Proof of the Uniform Boundedness Theorem},
 volume = {118},
 year = {2011},
 note = {\doi{10.4169/amer.math.monthly.118.05.450}}
}


@article{lindblad,
    title={Completely positive maps and entropy inequalities},
    author={Lindblad, G{\"o}ran},
    journal={Communications in Mathematical Physics},
    volume={40},
    number={2},
    pages={147--151},
    year={1975},
    publisher={Springer}
}
@article{werner,
    title={Optimal cloning of pure states},
    author={Werner, Reinhard F.},
    journal={Physical Review A},
    volume={58},
    number={3},
    pages={1827},
    year={1998},
    publisher={APS},
    note={\doi{10.1103/PhysRevA.58.1827}}
}
@inproceedings{staton,
    title={Algebraic effects, linearity, and quantum programming languages},
    author={Staton, Sam},
    booktitle={ACM SIGPLAN Notices},
    volume={50},
    pages={395--406},
    year={2015},
    organization={ACM},
    note={\doi{10.1145/2676726.2676999}}
}
@article{werner2,
    title={The information-disturbance tradeoff and the continuity of {Stinespring}'s representation},
    author={Kretschmann, Dennis and Schlingemann, Dirk and Werner, Reinhard F.},
    journal={Information Theory, IEEE Transactions on},
    volume={54},
    number={4},
    pages={1708--1717},
    year={2008},
    publisher={IEEE},
    note={\doi{10.1109/TIT.2008.917696}}
}
@Inproceedings{prakash,
  author    = {B\u{a}descu, Costin and Panangaden, Prakash},
  year      = {2015},
  title     = {Quantum Alternation: Prospects and Problems},
  booktitle = {QPL 2015},
  series    = {EPTCS},
  volume    = {195},
  publisher = {Open Publishing Association},
  pages     = {33-42},
  note       = {\doi{10.4204/EPTCS.195.3}},
}
@article{selinger,
    title={Dagger compact closed categories and completely positive maps},
    author={Selinger, Peter},
    journal={ENTCS},
    volume={170},
    pages={139--163},
    year={2007},
    publisher={Elsevier},
    note={\doi{10.1016/j.entcs.2006.12.018}}
}
@article{chiribella,
    title={Informational derivation of quantum theory},
    author={Chiribella, Giulio and D'Ariano, Giacomo Mauro and Perinotti, Paolo},
    journal={Physical Review A},
    volume={84},
    number={1},
    pages={012311},
    year={2011},
    publisher={APS},
    note={\doi{10.1103/PhysRevA.84.012311}}
}
@inproceedings{wwpaschke,
    author    = {Westerbaan, Abraham A. and Westerbaan, Bas E.},
    year      = {2017},
    title     = {Paschke Dilations},
    booktitle = {QPL 2016},
    journal    = {EPTCS},
    volume    = {236},
    pages     = {229--244},
    note       = {\doi{10.4204/EPTCS.236.15} \arXiv{1603.04353v2}}
}

@book{paulsen, 
    AUTHOR = {Paulsen, Vern I.},
    TITLE = {Completely bounded maps and operator algebras},
    SERIES = {Cambridge Studies in Advanced Mathematics},
    VOLUME = {78},
    PUBLISHER = {Cambridge University Press, Cambridge},
    YEAR = {2002},
}

@article{russodye,
	author = "Russo, Bernard and Dye, H. A.",
	note = "\doi{10.1215/S0012-7094-66-03346-1}",
	journal = "Duke Mathematical Journal",
	number = "2",
	pages = "413--416",
	title = "A note on unitary operators in {{$C^*$}}-algebras",
	volume = "33",
	year = "1966",
	note = "\doi{10.1215/S0012-7094-66-03346-1}"
}


@article{choi,
    title={A {Schwarz} Inequality for Positive Linear Maps on {C}*-algebras},
    author={Choi, Man--Duen},
    journal={Illinois Journal of Mathematics},
    volume={18},
    number={4},
    pages={565--574},
    year={1974},
    note={\doi{10.1215/ijm/1256051007}}
}
@book{willard,
    title={General topology},
    author={Willard, Stephen},
    year={1970},
    publisher={Addison--Wesley}
}
@MISC {ref1382,
    TITLE = {Reference request unital normal *-homomorphisms {$B(H) \to B(K)$}},
    AUTHOR = {Westerbaan, Abraham A.~and Westerbaan, Bas E.},
    HOWPUBLISHED = {Mathematics Stack Exchange},
    NOTE = {\url{https://math.stackexchange.com/q/3140021} (version: 2019-03-11)},
}
@MISC {stineinj,
    TITLE = {When does {Stinespring} dilation yield a faithful representation?},
    author={Westerbaan, Abraham A. and Westerbaan, Bas E.},
    HOWPUBLISHED = {Mathematics Stack Exchange},
    NOTE = {\url{http://math.stackexchange.com/q/1701574} (version: 2016-03-17)},
}

@book{lance,
    title={Hilbert {C}*-modules: a toolkit for operator algebraists},
    author={Lance, E. Christopher},
    volume={210},
    year={1995},
    publisher={Cambridge University Press},
    note={\doi{10.1017/CBO9780511526206}}
}

@article{pedersen1972,
  title={Some operator monotone functions},
  author={Pedersen, Gert K.},
  journal={Proceedings of the American Mathematical Society},
  volume={36},
  number={1},
  pages={309--310},
  year={1972},
  note={\doi{10.1090/S0002-9939-1972-0306957-4}}
}
@article{pedersen1979c,
  title={C*-algebras and their automorphism groups},
  author={Pedersen, Gert K.},
  journal={London Mathematical Society Monographs},
  year={1979},
  publisher={Academic press}
}

@article{douglas,
  title={{On majorization, factorization, and range inclusion of operators on {H}ilbert space}},
  author={Douglas, Ronald G.},
  journal={Proceedings of the American Mathematical Society},
  volume={17},
  number={2},
  pages={413--415},
  year={1966},
  note={\doi{10.1090/S0002-9939-1966-0203464-1}}
}

@article{arveson,
    title={Subalgebras of {C}*-algebras},
    author={Arveson, William B.},
    journal={Acta Mathematica},
    volume={123},
    number={1},
    pages={141--224},
    year={1969},
    publisher={Springer},
    note={\doi{10.1007/BF02392388}}
}
@article{jacobs2009orthomodular,
  TITLE = {Orthomodular lattices, {Foulis} Semigroups and Dagger Kernel Categories},
  AUTHOR = {Jacobs, Bart P.F.},
  note = {\doi{10.2168/LMCS-6(2:1)2010} \arXiv{0912.0931}},
  JOURNAL = {LMCS},
  VOLUME = {6},
  issue = {2},
  YEAR = {2010},
  MONTH = Jun,
}
@Inproceedings{kentapartial,
  author    = {Cho, Kenta},
  year      = {2015},
  title     = {Total and Partial Computation in Categorical Quantum Foundations},
  booktitle = {QPL 2015},
  series    = {EPTCS},
  volume    = {195},
  pages     = {116-135},
  note      = {\doi{10.4204/EPTCS.195.9} \arXiv{1511.01569v1}},
}
@unpublished{effintro,
  title={An introduction to effectus theory},
  author={Cho, Kenta and Jacobs, Bart P.F. and Westerbaan, Bas E. and Westerbaan, Abraham A.},
  note={\arXiv{1512.05813v1}},
  year={2015}
}
@article{newdirections,
  year  = {2015},
  volume = {11},
  number = {3},
  author = {Jacobs, Bart P.F.},
  title = {New Directions in Categorical Logic,  for Classical,  Probabilistic and  Quantum Logic},
  journal = {LMCS},
  note = {\doi{10.2168/LMCS-11(3:24)2015} \arXiv{1205.3940v5}}
}
@inproceedings{statesofconvexsets,
	author="Jacobs, Bart P.F.
	and Westerbaan, Bas E.
	and Westerbaan, Abraham A.",
	title="States of Convex Sets",
        booktitle="FoSSaCS 2015",
        series="LNCS",
        volume="9034",
	year="2015",
	pages="87--101",
	note="\doi{10.1007/978-3-662-46678-0\_6}",
}
@article{arbib,
  title={Partially additive categories and flow-diagram semantics},
  author={Arbib, Michael A. and Manes, Ernest G.},
  journal={Journal of Algebra},
  volume={62},
  number={1},
  pages={203--227},
  year={1980},
  publisher={Elsevier},
  note="\doi{10.1016/0021-8693(80)90212-4}"
}
@article{ea,
  title={Effect algebras and unsharp quantum logics},
  author={Foulis, David J. and Bennett, Mary K.},
  journal={Foundations of Physics},
  volume={24},
  number={10},
  pages={1331--1352},
  year={1994},
  publisher={Springer},
  note={\doi{10.1007/BF02283036}}
}
@article{basmsc,
  title={Sequential product on effect logics},
  author={Westerbaan, Bas E.},
  note={Master's thesis, Radboud University.
      \url{https://www.ru.nl/publish/pages/813276/masterscriptie_bas_westerbaan.pdf}},
  year={2013}
}
@article{corefl,
  title={Coreflections in algebraic quantum logic},
  author={Jacobs, Bart P.F. and Mandemaker, Jorik},
  journal={Foundations of physics},
  volume={42},
  number={7},
  pages={932--958},
  year={2012},
  publisher={Springer},
  note={\doi{10.1007/s10701-012-9654-8}}
}
@article{probdistrconv,
  title={Probabilities, distribution monads, and convex categories},
  author={Jacobs, Bart P.F.},
  journal={Theoretical Computer Science},
  volume={412},
  number={28},
  pages={3323--3336},
  year={2011},
  publisher={Elsevier},
  note={\doi{10.1016/j.tcs.2011.04.005}}
}
@article{gudder1998representation,
  title={Representation theorem for convex effect algebras},
  author={Gudder, Stanley P. and Pulmannov{\'a}, Sylvia},
  journal={Commentationes Mathematicae Universitatis Carolinae},
  volume={39},
  number={4},
  pages={645--660},
  year={1998},
  publisher={Prague [Mathematical Institute of the Charles University]}
}
@article{gudder1999convex,
  title={Convex structures and effect algebras},
  author={Gudder, Stanley P.},
  journal={International Journal of Theoretical Physics},
  volume={38},
  number={12},
  pages={3179--3187},
  year={1999},
  publisher={Springer},
  note={\doi{10.1023/A:1026678114856}}
}
@article{jacobs2016expectation,
  title={The expectation monad in quantum foundations},
  author={Jacobs, Bart P.F. and Mandemaker, Jorik and Furber, Robert W.J.},
  journal={Information and Computation},
  volume={250},
  pages={87--114},
  year={2016},
  note={\doi{10.1016/j.ic.2016.02.009}}
}
@article{neumann1970quasivariety,
  title={On the quasivariety of convex subsets of affine spaces},
  author={Neumann, Walter D.},
  journal={Archiv der Mathematik},
  volume={21},
  number={1},
  pages={11--16},
  year={1970},
  publisher={Springer},
  note={\doi{10.1007/BF01220869}}
}
@article{flood1981semiconvex,
  title={Semiconvex geometry},
  author={Flood, Joe},
  journal={Journal of the Australian Mathematical Society},
  volume={30},
  number={4},
  pages={496--510},
  year={1981},
  publisher={Cambridge University Press},
  note={\doi{10.1017/S1446788700017973}}
}
@article{tz2009convex,
  title={Convex Spaces {I}: Definition and Examples},
  author={Fritz, Tobias},
  note={\arXiv{0903.5522}},
  year={2009}
}
@article{stone1949postulates,
  title={Postulates for the barycentric calculus},
  author={Stone, Marshall H.},
  journal={Annali di Matematica Pura ed Applicata},
  volume={29},
  number={1},
  pages={25--30},
  year={1949},
  publisher={Springer},
  note={\doi{10.1007/BF02413910}}
}
@book{swirszcz1975monadic,
  title={Monadic functors and categories of convex sets},
  author={{\'S}wirszcz, Tadeusz},
  year={1975},
  publisher={Polish Academy of Sciences. Institute of Mathematics}
}

@article{nicholson1993,
  title={A short proof of the {W}edderburn--{A}rtin theorem},
  author={Nicholson, William K.},
  journal={New Zealand Journal of Mathematics},
  volume={22},
  number={1},
  pages={83--86},
  year={1993}
}

@book{kadison1951,
  title={A representation theory for commutative topological algebra},
  author={Kadison, Richard V.},
  series={Memoirs of the American Mathematical Society},
  number={7},
  year={1951},
  note={\doi{10.1090/memo/0007}}
}

@book{alfsen2012,
  title={State spaces of operator algebras},
  author={Alfsen, Erik M. and Shultz, Frederic W.},
  year={2001},
  note={\doi{10.1007/978-1-4612-0147-2}}
}
@phdthesis{heunenphd,
  title={Categorical quantum models and logics},
  author={Heunen, Chris J.M.},
  school = {Radboud University},
  year={2009},
  publisher={Amsterdam University Press},
  note={\url{https://www.math.ru.nl/~landsman/PhDChris.pdf}}
}
@phdthesis{bert,
  title={$\mathcal{C}(A)$},
  author={Lindenhovius, Bert J.},
  school = {Radboud University},
  year={2016},
  note={\doi{2066/158429}}
}
@article{burgin1970categories,
  title={Categories with involution, and correspondences in $\gamma$-categories},
  author={Burgin, Mark S.},
  journal={Trudy Moskovskogo Matematicheskogo Obshchestva},
  volume={22},
  pages={161--228},
  year={1970},
  publisher={Moscow Mathematical Society}
}
@book{gillman2013rings,
    title={Rings of continuous functions},
    author={Gillman, Leonard and Jerison, Meyer},
    year={2013},
    publisher={Springer},
    note={\doi{10.1007/978-1-4615-7819-2}}
}
@inproceedings{bags,
  title={Unordered Tuples in Quantum Computation},
  author={Furber, Robert W.J. and Westerbaan, Bas E.},
  booktitle={QPL 2015},
  pages={196--207},
  year={2015},
  series={EPTCS},
  note={\doi{10.4204/EPTCS.195.15}}
}
@article{grandis,
  title={On the categorical foundations of homological and homotopical algebra},
  author={Grandis, Marco},
  journal={Cahiers de Topologie et G{\'e}om{\'e}trie Diff{\'e}rentielle Cat{\'e}goriques},
  volume={33},
  number={2},
  pages={135--175},
  year={1992},
  publisher={Dunod {\'e}diteur, publi{\'e} avec le concours du CNRS}
}
@phdthesis{bram,
    author = {Westerbaan, Abraham A.},
    title = {The Category of Von Neumann Algebras},
    year = {2019},
    school = {Radboud University},
    note = {\arXiv{1804.02203} \doi{2066/201611}}
}
@article{vn1930,
	title={{Z}ur {A}lgebra der {F}unktionaloperationen und {T}heorie der normalen {O}peratoren},
	author={von Neumann, John},
	journal={Mathematische Annalen},
	volume={102},
	issue={1},
	pages={370--427},
	year={1930},
	note={\doi{10.1007/BF01782352}}
}

@article{mvn1936,
  title={On rings of operators},
  author={Murray, Francis J. and von Neumann, John},
  journal={Annals of Mathematics},
  pages={116--229},
  volume={37},
  number={1},
  year={1936},
  note={\doi{10.2307/1968693}}
}

@article{kadison1956,
  title={Operator algebras with a faithful weakly-closed representation},
  author={Kadison, Richard V.},
  journal={Annals of Mathematics},
  pages={175--181},
  volume={64},
  number={1},
  year={1956},
  note={\doi{10.2307/1969954}}
}

@book{sakai,
  title={{$C^*$-algebras and {W}*-algebras}},
  author={Sakai, Sh{\^o}ichir{\^o}},
  year={1998},
  note={\doi{10.1007/978-3-642-61993-9}}
}

@book{fremlin,
  title={Measure theory},
  author={Fremlin, David H.},
  year={2000},
  publisher={Torres Fremlin},
  note={\url{https://www1.essex.ac.uk/maths/people/fremlin/mt.htm}}
}

@article{tomiyama,
  title={On the projection of norm one in {W}*-algebras},
  author={Tomiyama, Jun},
  journal={Proceedings of the Japan Academy},
  volume={33},
  number={10},
  pages={608--612},
  year={1957},
  note={\doi{10.3792/pja/1195524885}}
}

@book{maclane,
  title={Categories for the working mathematician},
  author={Mac Lane, Saunders},
  year={1971},
  note={\doi{10.1007/978-1-4757-4721-8}}
}

@inproceedings{qpakm,
  title={Quantum Programs as Kleisli Maps},
  author={Westerbaan, Abraham A.},
  booktitle={QPL 2016},
  pages={215--228},
  year={2016},
  volume={236},
  series={EPTCS},
  note={\doi{10.4204/EPTCS.236.14} \arXiv{1501.01020v4}}
}

@unpublished{model,
  title={Von {N}eumann algebras form a model for the quantum lambda calculus},
  author={Cho, Kenta and Westerbaan, Abraham A.},
  note={\arXiv{1603.02133v1}},
  year={2016}
}

@inproceedings{selinger2005,
  title={A lambda calculus for quantum computation with classical control},
  author={Selinger, Peter and Valiron, Beno{\^i}t},
  booktitle={TLCA 2005},
  series={LNCS},
  volume={3461},
  pages={354--368},
  year={2005},
  note={\doi{10.1007/11417170\_26}}
}

@article{selinger2006,
  title={A lambda calculus for quantum computation with classical control},
  author={Selinger, Peter and Valiron, Beno{\^i}t},
  journal={Mathematical Structures in Computer Science},
  volume={16},
  number={3},
  pages={527--552},
  year={2006},
  note={\doi{10.1017/S0960129506005238}}
}
@unpublished{qlc,
  title={Quantum Lambda Calculus},
  author={Selinger, Peter and Valiron, Beno{\^i}t},
  year={$\geq$2008},
  note={\href{https://www.mscs.dal.ca/~selinger/papers/qlambdabook.pdf}{https://www.mscs.dal.ca/$\sim$selinger/papers/qlambdabook.pdf}}
}

@article{kornell2012,
  title={Quantum collections},
  author={Kornell, Andre},
  journal="International Journal of Mathematics",
  volume="28",
  number="12",
  pages="1750085",
  year={2017},
  note={\doi{10.1142/S0129167X17500859} \arXiv{1202.2994v2}},
}

@article{gudder1979general,
  title={A general theory of convexity},
  author={Gudder, Stanley P.},
  journal={Milan Journal of Mathematics},
  volume={49},
  number={1},
  pages={89--96},
  year={1979},
  publisher={Springer},
  note={\doi{10.1007/BF02925185}}
}
@article{li2011sequential,
  title={Sequential product and {Jordan} product of quantum effects},
  author={Li, Yuan and Sun, Xiu-Hong},
  journal={International Journal of Theoretical Physics},
  volume={50},
  number={4},
  pages={1206--1213},
  year={2011},
  publisher={Springer},
  note={\doi{10.1007/s10773-010-0615-8}}
}
@article{barnum2013symmetry,
  title={Symmetry, compact closure and dagger compactness for categories of convex operational models},
  author={Barnum, Howard and Duncan, Ross and Wilce, Alexander},
  journal={Journal of philosophical logic},
  volume={42},
  number={3},
  pages={501--523},
  year={2013},
  publisher={Springer}
}
@article{vicary2011categorical,
  title={Categorical formulation of finite-dimensional quantum algebras},
  author={Vicary, Jamie},
  journal={Communications in Mathematical Physics},
  volume={304},
  number={3},
  pages={765--796},
  year={2011},
  publisher={Springer}
}
@article{gleason1957measures,
  title={Measures on the closed subspaces of a {Hilbert} space},
  author={Gleason, Andrew M.},
  journal={Journal of Mathematics and Mechanics},
  volume={6},
  number={6},
  pages={885--893},
  year={1957},
  publisher={JSTOR}
}
@article{coecke2006quantum,
  title={Quantum measurements without sums},
  author={Coecke, Bob and Pavlovic, Dusko},
  journal={Mathematics of Quantum Computation and Quantum Technology},
  pages={559},
  note={\arXiv{quant-ph/0608035}}
}
@article{coecke2016categories,
  title={Categories of quantum and classical channels},
  author={Coecke, Bob and Heunen, Chris J.M. and Kissinger, Aleks R.},
  journal={Quantum Information Processing},
  volume={15},
  number={12},
  pages={5179--5209},
  year={2016},
  publisher={Springer}
}
@article{heunen2012bohrification,
  title={Bohrification of operator algebras and quantum logic},
  author={Heunen, Chris J.M. and Landsman, Nicolaas P. and Spitters, Bas},
  journal={Synthese},
  volume={186},
  number={3},
  pages={719--752},
  year={2012},
  publisher={Springer},
  note={\doi{10.1007/s11229-011-9918-4}}
}
@inproceedings{heunen2013completely,
  author    = {Heunen, Chris J.M. and Kissinger, Aleks R. and Selinger, Peter},
  year      = {2014},
  title     = {Completely positive projections and biproducts},
  editor    = {Coecke, Bob and Hoban, Matty},
  booktitle = {QPL 2013},
  series    = {EPTCS},
  volume    = {171},
  publisher = {Open Publishing Association},
  pages     = {71-83},
  note       = {\doi{10.4204/EPTCS.171.7}},
}
@article{kissinger2017picture,
  title={Picture-perfect Quantum Key Distribution},
  author={Kissinger, Aleks R. and Tull, Sean and Westerbaan, Bas E.},
  note={\arXiv{1704.08668}},
  year={2017}
}
@article{gudder2002sequential,
  title={Sequential products on effect algebras},
  author={Gudder, Stanley P. and Greechie, Richard J.},
  journal={Reports on Mathematical Physics},
  volume={49},
  number={1},
  pages={87--111},
  year={2002},
  note={\doi{10.1016/S0034-4877(02)80007-6}}
}
@article{gudder2001sequential,
  title={Sequential quantum measurements},
  author={Gudder, Stanley P. and Nagy, Gabriel},
  journal={Journal of Mathematical Physics},
  volume={42},
  number={11},
  pages={5212--5222},
  year={2001},
  publisher={AIP},
  note={\doi{10.1063/1.1407837}}
}
@article{gheondea2004sequential,
  title={Sequential product of quantum effects},
  author={Gheondea, Aurelian and Gudder, Stanley P.},
  journal={Proceedings of the American Mathematical Society},
  volume={132},
  number={2},
  pages={503--512},
  year={2004},
  note={\doi{10.2307/1194082}}
}
@article{gudder2008characterization,
  title={Characterization of the sequential product on quantum effects},
  author={Gudder, Stanley P. and Latr{\'e}moli{\`e}re, Fr{\'e}d{\'e}ric},
  journal={Journal of Mathematical Physics},
  volume={49},
  number={5},
  pages={052106},
  year={2008},
  note={\doi{10.1063/1.2904475}}
}
@article{gudder2005open,
  title={Open problems for sequential effect algebras},
  author={Gudder, Stanley P.},
  journal={International Journal of Theoretical Physics},
  volume={44},
  number={12},
  pages={2199--2206},
  year={2005},
  publisher={Springer},
  note={\doi{10.1007/s10773-005-8015-1}}
}
@article{shen2009not,
  title={Not each sequential effect algebra is sharply dominating},
  note={\doi{10.1016/j.physleta.2009.02.073}},
  author={Shen, Jun and Wu, Junde},
  journal={Physics Letters A},
  volume={373},
  number={20},
  pages={1708--1712},
  year={2009},
  publisher={Elsevier}
}
@article{gudder2005uniqueness,
  title={Uniqueness and order in sequential effect algebras},
  author={Gudder, Stanley P. and Greechie, Richard J.},
  journal={International Journal of Theoretical Physics},
  volume={44},
  number={7},
  pages={755--770},
  year={2005},
  publisher={Springer},
  note={\doi{10.1007/s10773-005-7054-y}}
}
@article{jun2009remarks,
  title={Remarks on the sequential effect algebras},
  author={Jun, Shen and Wu, Junde},
  journal={Reports on Mathematical Physics},
  volume={63},
  number={3},
  pages={441--446},
  year={2009},
  publisher={Elsevier},
  note={\doi{10.1016/S0034-4877(09)90015-5}}
}
@article{weihua2009uniqueness,
  title={A uniqueness problem of the sequence product on operator effect algebra},
  author={Weihua, Liu and Junde, Wu},
  journal={Journal of Physics A: Mathematical and Theoretical},
  volume={42},
  number={18},
  pages={185206},
  year={2009},
  publisher={IOP Publishing},
  note={\doi{10.1088/1751-8113/42/18/185206}}
}
@article{tkadlec2008atomic,
  title={Atomic sequential effect algebras},
  author={Tkadlec, Josef},
  journal={International Journal of Theoretical Physics},
  volume={47},
  number={1},
  pages={185--192},
  year={2008},
  publisher={Springer},
  note={\doi{10.1007/s10773-007-9492-1}}
}
@article{jia2010entropy,
  title={Entropy of partitions on sequential effect algebras},
  author={Jia-Mei, Wang and Jun-De, Wu and Minhyung, Cho},
  journal={Communications in Theoretical Physics},
  volume={53},
  number={3},
  pages={399},
  year={2010},
  publisher={IOP Publishing},
  note={\doi{10.1088/0253-6102/53/3/01}}
}
@article{arias2004almost,
  title={Almost sharp quantum effects},
  author={Arias, Alvaro and Gudder, Stanley P.},
  journal={Journal of Mathematical Physics},
  volume={45},
  number={11},
  pages={4196--4206},
  year={2004},
  publisher={AIP},
  note={\doi{10.1063/1.1806532}}
}
@book{mccrimmon2006taste,
  title={A taste of {Jordan} algebras},
  author={McCrimmon, Kevin},
  year={2006},
  publisher={Springer},
  note={\doi{10.1007/b97489}}
}
@inproceedings{cho2015quotient,
  title={Quotient--Comprehension Chains},
  author={Cho, Kenta and Jacobs, Bart P.F. and Westerbaan, Abraham A. and Westerbaan, Bas E.},
  booktitle={QPL 2015},
  series={EPTCS},
  volume={195},
  pages={136--147},
  year={2015},
  note={\doi{10.4204/EPTCS.195.10} \arXiv{1511.01570v1}}
}
@article{tull2016operational,
  title={Operational theories of physics as categories},
  author={Tull, Sean},
  note={\arXiv{1602.06284}},
  year={2016}
}
@article{chiribella2010probabilistic,
  title={Probabilistic theories with purification},
  author={Chiribella, Giulio and D'Ariano, Giacomo Mauro and Perinotti, Paolo},
  journal={Physical Review A},
  volume={81},
  number={6},
  pages={062348},
  year={2010},
  publisher={APS},
  note={\doi{10.1103/PhysRevA.81.062348}}
}
@inproceedings{wilceshortcut,
  title={A Shortcut from Categorical Quantum Theory to Convex Operational Theories},
  author={Wilce, Alexander},
  booktitle={QPL 2017},
  series={EPTCS},
  volume={266},
  pages={222--236},
  year={2017},
  note={\doi{10.4204/EPTCS.266} \arXiv{1802.09737}}
}
@inproceedings{gogioso2017categorical,
  title={Categorical Probabilistic Theories},
  author={Gogioso, Stefano and Scandolo, Carlo Maria},
  booktitle={QPL 2017},
  series={EPTCS},
  volume={266},
  pages={367--385},
  year={2017},
  note={\doi{10.4204/EPTCS.266.23} \arXiv{1701.08075}}
}
@inproceedings{cunningham2017purity,
  title={Purity through factorisation},
  author={Cunningham, Oscar and Heunen, Chris J.M.},
  booktitle={QPL 2017},
  series={EPTCS},
  volume={266},
  pages={315--328},
  year={2017},
  note={\doi{10.4204/EPTCS.266.20} \arXiv{1705.07652}}
}
@article{chiribella2014distinguishability,
  title={Distinguishability and copiability of programs in general process theories},
  author={Chiribella, Giulio},
  journal={Int J. Software Informatics},
  volume={1},
  number={2},
  year={2014},
  note={\arXiv{1411.3035}}
}
@article{selby2017leaks,
  title={Leaks: quantum, classical, intermediate and more},
  author={Selby, John and Coecke, Bob},
  journal={Entropy},
  volume={19},
  number={4},
  pages={174},
  year={2017},
  publisher={Multidisciplinary Digital Publishing Institute},
  note={\doi{10.3390/e19040174}}
}
@article{selinger2008idempotents,
  title={Idempotents in dagger categories},
  author={Selinger, Peter},
  note={\doi{10.1016/j.entcs.2008.04.021}},
  journal={ENTCS},
  volume={210},
  pages={107--122},
  year={2008},
  publisher={Elsevier}
}
@book{dvurecenskij2013new,
  title={New trends in quantum structures},
  author={Dvurecenskij, Anatolij and Pulmannov{\'a}, Sylvia},
  volume={516},
  year={2013},
  publisher={Springer},
  note={\doi{10.1007/978-94-017-2422-7}}
}
@book{arveson2012invitation,
  title={An invitation to C*-algebras},
  author={Arveson, William},
  volume={39},
  year={2012},
  publisher={Springer},
  note={\doi{10.1007/978-1-4612-6371-5}}
}
@article{westerbaan2016universal,
  title={A universal property for sequential measurement},
  author={Westerbaan, Abraham A. and Westerbaan, Bas E.},
  journal={Journal of Mathematical Physics},
  volume={57},
  number={9},
  pages={092203},
  year={2016},
  note={\doi{10.1063/1.4961526} \arXiv{1603.00410v1}}
}
@article{wilce2016royal,
  author    = {Wilce, Alexander},
  title = {A Royal Road to Quantum Theory (or Thereabouts)},
  journal = {Entropy},
  year={2018},
  volume={20},
  number={4},
  pages={227},
  note = {\doi{10.3390/e20040227}}
}
@article{glicksberg1959,
  title={Stone--\v{C}ech compactifications of products},
  author={Glicksberg, Irving L.},
  journal={Transactions of the American Mathematical Society},
  volume={90},
  number={3},
  pages={369--382},
  year={1959},
  note={\doi{10.1090/S0002-9947-1959-0105667-4}}
}
@article{gardner,
  title={Linear maps of {{$C^*$}}-algebras preserving the absolute value},
  author={Gardner, L. Terrell},
  journal={Proceedings of the American Mathematical Society},
  volume={76},
  number={2},
  pages={271--278},
  year={1979},
  note={\doi{10.1090/S0002-9939-1979-0537087-0}}
}
@book{Takesaki1,
  title={Theory of operator algebras I},
  author={Takesaki, Masamichi},
  year={1979},
  note={\doi{10.1007/978-1-4612-6188-9}}
}
@inproceedings{Maassen2010,
    author="Maassen, Hans D.M.",
    title="Quantum Probability and Quantum Information Theory",
    booktitle="Quantum Information, Computation and Cryptography",
    series="Lecture Notes in Physics",
    volume="808",
    year="2010",
    pages="65--108",
    note="\doi{10.1007/978-3-642-11914-9\_3}",
}

@misc{nielsen2002quantum,
  title={Quantum computation and quantum information},
  author={Nielsen, Michael A. and Chuang, Isaac L.},
  year={2010},
  note={\doi{10.1017/CBO9780511976667}}
}

@article{jacobs2017quantum,
  title={Quantum effect logic in cognition},
  author={Jacobs, Bart P.F.},
  journal={Journal of Mathematical Psychology},
  volume={81},
  pages={1--10},
  year={2017},
  note={\doi{10.1016/j.jmp.2017.08.004}}
}

@book{devlin2012joy,
  title={The joy of sets},
  author={Devlin, Keith J.},
  year={1993},
  note={\doi{10.1007/978-1-4612-0903-4}}
}

@unpublished{cho2016duplicable,
  title={Duplicable von {N}eumann Algebras},
  author={Cho, Kenta and Westerbaan, Abraham A.},
  year={2016},
  note={\arXiv{1903.02963v1}}
}
@article{jacobs2015effect,
  title={An effect-theoretic account of Lebesgue integration},
  author={Jacobs, Bart P.F. and Westerbaan, Abraham A.},
  journal={ENTCS},
  volume={319},
  pages={239--253},
  year={2015},
  note={\doi{10.1016/j.entcs.2015.12.015}}
}
@unpublished{jacobs2017distances,
  title={Distances between States and between Predicates},
  author={Jacobs, Bart P.F. and Westerbaan, Abraham A.},
  year={2018},
  note={\arXiv{1711.09740v2}}
}

@article{cho2017disintegration,
  title={Disintegration and {Bayesian} Inversion via String Diagrams},
  author={Cho, Kenta and Jacobs, Bart P.F.},
  journal={MSCS},
  year={2019},
  note={\doi{10.1017/S0960129518000488} \arXiv{1709.00322v3}},
}

@article{jacobs2016hyper,
  title={Hyper normalisation and conditioning for discrete probability distributions},
  author={Jacobs, Bart P.F.},
  journal={LMCS},
  volume={13},
  number={3},
  year={2017},
  note={\doi{10.23638/LMCS-13(3:17)2017} \arXiv{1607.02790v3}}
}

@unpublished{jacobs2017channel,
  title={A Channel-Based Perspective on Conjugate Priors},
  author={Jacobs, Bart P.F.},
  note={\arXiv{1707.00269v2}},
  year={2018}
}

@inproceedings{jacobs2017formal,
  title={A formal semantics of influence in {Bayesian} reasoning},
  booktitle="MFCS 2017",
  series="LIPIcs",
  author={Jacobs, Bart P.F. and Zanasi, Fabio},
  journal={Math. Found. of Computer Science},
  volume={83},
  year={2017},
  note={\doi{10.4230/LIPIcs.MFCS.2017.21}}
}

@inproceedings{cho2017efprob,
  title={The {EfProb} library for probabilistic calculations},
  author={Cho, Kenta and Jacobs, Bart P.F.},
  booktitle={CALCO 2017},
  series={LIPIcs},
  volume={72},
  year={2017},
  pages={25:1--25:8},
  note={\doi{10.4230/LIPIcs.CALCO.2017.25}}
}

@article{jacobs2017probability,
  title={From probability monads to commutative effectuses},
  author={Jacobs, Bart P.F.},
  journal={Journal of Logical and Algebraic Methods in Programming},
  year={2018},
  pages={200--237},
  volume={94},
  note={\doi{10.1016/j.jlamp.2016.11.006}}
}

@article{jacobs2017recipe,
  title={A recipe for state-and-effect triangles},
  author={Jacobs, Bart P.F.},
  note={\doi{10.23638/LMCS-13(2:6)2017} \arXiv{1703.09034v3}},
  journal={LMCS},
  year={2017},
  volume={13},
  number={2}
}

@article{jacobs2016effectuses,
  title={Effectuses from monads},
  author={Jacobs, Bart P.F.},
  journal={ENTCS},
  volume={325},
  pages={169--183},
  year={2016},
  note={\doi{10.1016/j.entcs.2016.09.037}}
}

@inproceedings{jacobs2016affine,
  title={Affine monads and side-effect-freeness},
  author={Jacobs, Bart P.F.},
  booktitle={CMCS 2016},
  series={LNCS},
  volume={9608},
  pages={53--72},
  year={2016},
  note={\doi{10.1007/978-3-319-40370-0\_5}}
}

@book{coecke2017picturing,
  title={Picturing quantum processes},
  author={Coecke, Bob and Kissinger, Aleks R.},
  year={2017},
  note={\doi{10.1017/9781316219317}}
}

@phdthesis{bas,
  title={Dagger and Dilations in the Category of Von Neumann Algebras},
school={Radboud University},
author={Bas E. Westerbaan},
note={\arXiv{1803.01911} \doi{2066/201785}},
year=2019,
}

@article{jacobs2016predicate,
  title={A predicate/state transformer semantics for {Bayesian} learning},
  author={Jacobs, Bart P.F. and Zanasi, Fabio},
  journal={ENTCS},
  volume={325},
  pages={185--200},
  year={2016},
  note={\doi{10.1016/j.entcs.2016.09.038}}
}

@inproceedings{rennela2017infinite,
  title={Infinite-dimensionality in quantum foundations: {W}*-algebras as presheaves over matrix algebras},
  author={Rennela, Mathys P.A. and Staton, Sam and Furber, Robert W.J.},
  booktitle={QPL 2016},
  series={EPTCS},
  volume={236},
  year={2017},
  note={\doi{10.4204/EPTCS.236.11} \arXiv{1701.00662v1}}
}

@article{jacobs2016relating,
  title={Relating operator spaces via adjunctions},
  author={Jacobs, Bart P.F. and Mandemaker, Jorik},
  journal={Logic and Algebraic Structures in Quantum Computing},
  volume={45},
  pages={123--150},
  year={2016},
  note={\doi{10.1017/CBO9781139519687.008} \arXiv{1201.1272v2}}
}
@article{rennela2015complete,
  title={Complete positivity and natural representation of quantum computations},
  author={Rennela, Mathys P.A. and Staton, Sam},
  journal={ENTCS},
  volume={319},
  pages={369--385},
  year={2015},
  note={\doi{10.1016/j.entcs.2015.12.022}}
}

@inproceedings{heunen2015domains,
  title={Domains of Commutative {$C^*$}-Subalgebras},
  author={Heunen, Chris J.M. and Lindenhovius, Bert J.},
  booktitle={LICS 2015},
  pages={450--461},
  year={2015},
  note={\doi{10.1109/LICS.2015.49}}
}


@book{rudin1964principles,
  title={Principles of Mathematical Analysis},
  author={Rudin, Walter},
  year={1976},
  publisher={McGraw--Hill}
}


@inproceedings{wigner2013collected,
  title={John von Neumann},
  author={Wigner, Eugene P.},
  booktitle={Historical and Biographical Reflections and Syntheses},
  pages={127--130},
  series={The Collected Works of Eugene Paul Wigner},
  volume={VII},
  year={2001},
  note={\doi{10.1007/978-3-662-07791-7\_14}}
}

@inproceedings{roumen2016cohomology,
  title={Cohomology of effect algebras},
  author={Roumen, Frank},
  note={\doi{} \arXiv{1602.00567}},
  booktitle={QPL 2016},
  pages={174--202},
  year={2016},
  volume={236},
  series={EPTCS},
  note={\doi{10.4204/EPTCS.236.12}}
}
@phdthesis{roumen,
    author = {Roumen, Frank},
    title = {Effect algebroids},
    year = 2017,
    school = {Radboud Universiteit Nijmegen},
    note={\doi{2066/181438}}
}
@article{kopka1994d,
  title={D-posets},
  author={K{\^o}pka, Franti{\v{s}}ek and Chovanec, Ferdinand},
  journal={Mathematica Slovaca},
  volume={44},
  number={1},
  pages={21--34},
  year={1994},
  publisher={Mathematical Institute of the Slovak Academy of Sciences}
}
@inproceedings{linton,
	title={Coequalizers in categories of algebras},
	author={Linton, Fred E.J.},
	booktitle={Seminar on triples and categorical homology theory},
	volume={80},
	pages={75--90},
	year={1969},
	organization={Springer},
    note={\doi{10.1007/BFb0083082}}
}
@book{barr,
  title={Toposes, triples and theories},
  author={Barr, Michael and Wells, Charles},
  volume={278},
  year={1985},
  publisher={Springer-Verlag New York}
}
@article{korostenski1993factorization,
  title={Factorization systems as Eilenberg-Moore algebras},
  author={Korostenski, Mareli and Tholen, Walter},
  journal={Journal of Pure and Applied Algebra},
  volume={85},
  number={1},
  pages={57--72},
  year={1993},
  publisher={Elsevier},
  note={\doi{10.1016/0022-4049(93)90171-O}}
}
@article{gelfand1943imbedding,
  title={On the imbedding of normed rings into the ring of operators in
          {Hilbert} space},
  author={Gelfand, Israel and Neumark, Mark},
  journal={Rec. Math. [Mat. Sbornik] N.S.},
  volume={12},
  number={2},
  pages={197--217},
  year={1943},
  note={\doi{10.1090/conm/167/16}}
}
@inproceedings{naimark1943representation,
  title={On a representation of additive operator set functions},
  author={Naimark, Mo A.},
  booktitle={Dokl. Akad. Nauk SSSR},
  volume={41},
  pages={359--361},
  year={1943}
}
@article{ksgns,
  title={Hilbert {C}*-modules: theorems of {Stinespring} and {Voiculescu}},
  author={Kasparov, Gennadi G.},
  journal={Journal of Operator Theory},
  pages={133--150},
  year={1980},
  publisher={JSTOR}
}


@article{segal1951,
  title={Equivalences of measure spaces},
  author={Segal, Irving E.},
  journal={American Journal of Mathematics},
  volume={73},
  number={2},
  pages={275--313},
  year={1951},
  note={\doi{10.2307/2372178}}
}
@article{wetering,
  title={Reconstruction of quantum theory from universal filters},
  author={John van de Wetering},
  note={\arXiv{1801.05798}}
}
@book{awodey,
  title={Category theory},
  author={Awodey, Steve},
  year={2010},
  isbn={978-0-199-58736-0},
  publisher={Oxford University Press}
}
@article{uijlen2016kochen,
  title={A {Kochen-Specker} system has at least 22 vectors},
  author={Uijlen, Sander and Westerbaan, Bas E.},
  journal={New Generation Computing},
  volume={34},
  number={1-2},
  pages={3--23},
  year={2016},
  publisher={Springer},
  note={\arXiv{1412.8544} \doi{10.1007/s00354-016-0202-5}}
}
@inproceedings{arends2011searching,
  title={On searching for small {Kochen-Specker} vector systems},
  author={Arends, Felix and Ouaknine, Jo{\"e}l and Wampler, Charles},
  booktitle={Graph-Theoretic Concepts in Computer Science},
  pages={23--34},
  year={2011},
  organization={Springer}
}
@inproceedings{schwabe2016solving,
  title={Solving Binary-$\mathcal{MQ}$ with {Grover}'s Algorithm},
  author={Schwabe, Peter and Westerbaan, Bas E.},
  booktitle={International Conference on Security, Privacy, and Applied Cryptography Engineering},
  pages={303--322},
  year={2016},
  organization={Springer},
  note={\doi{10.1007/978-3-319-49445-6\_17}
    \href{https://eprint.iacr.org/2019/151}{eprint:2019/151}}
}
@inproceedings{abramsky2004categorical,
  title={A categorical semantics of quantum protocols},
  author={Abramsky, Samson and Coecke, Bob},
  booktitle={LICS 2004},
  pages={415--425},
  note={\arXiv{quant-ph/0402130}},
  organization={IEEE}
}
@book{DAriano2016,
  note = {\doi{10.1017/9781107338340}},
  year  = {2016},
  publisher = {Cambridge University Press},
  author = {Giacomo Mauro D'Ariano and Giulio Chiribella and Paolo Perinotti},
  title = {Quantum Theory from First Principles}
}
@article{adams2015type,
  title={A type theory for probabilistic and {Bayesian} reasoning},
  author={Adams, Robin and Jacobs, Bart},
  note={\arXiv{1511.09230}},
  year={2015}
}
@article{pavlovic2016modular,
  title={(Modular) effect algebras are equivalent to (Frobenius) antispecial algebras},
  author={Pavlovic, Dusko and Seidel, Peter-Michael},
  note={\arXiv{1605.06719}},
  year={2016}
}

@book{blackadar2006operator,
  title={Operator algebras},
  author={Blackadar, Bruce E.},
  year={2006},
  note={\doi{10.1007/3-540-28517-2}}
}

@book{tomamichel,
  title={Quantum Information Processing with Finite Resources: Mathematical Foundations},
  author={Tomamichel, Marco},
  volume={5},
  year={2015},
  publisher={Springer},
  note={\doi{10.1007/978-3-319-21891-5}}
}

@article{clifton2003characterizing,
  title={Characterizing quantum theory in terms of information-theoretic constraints},
  author={Clifton, Rob and Bub, Jeffrey and Halvorson, Hans},
  journal={Foundations of Physics},
  volume={33},
  number={11},
  pages={1561--1591},
  year={2003},
  note={\doi{10.1023/A:1026056716397}}
}

@unpublished{furbercontinuous,
      title={Continuous Dcpos in Quantum Computing},
        author={Furber, Robert W.J.},
        year={2019},
        note={\url{http://people.cs.aau.dk/~furber/papers/contawconf.pdf}}
}

@unpublished{kornell2018quantum,
    title={Quantum sets},
    author={Kornell, Andre},
    note={\arXiv{1804.00581v5}},
    year={2018}
}

@inproceedings{selinger2004towards,
  title={Towards a semantics for higher-order quantum computation},
  author={Selinger, Peter},
  booktitle={QPL 2004},
  series={TUCS General Publication},
  volume={33},
  pages={127--143},
  year={2004},
  publisher={Turku Centre for Computer Science}
}
@article{cabrera1995hilbert,
  title={Hilbert modules revisited: Orthonormal bases and {Hilbert}-{Schmidt} operators},
  author={Cabrera, M and Martinez, J and Rodriguez, A},
  journal={Glasgow Mathematical Journal},
  volume={37},
  number={1},
  pages={45--54},
  year={1995},
  publisher={Cambridge University Press}
}
@article{landi2012orthogonal,
  title={On orthogonal systems in {Hilbert} {C}*-modules},
  author={Landi, Giovanni and Pavlov, Alexander},
  journal={Journal of Operator Theory},
  pages={487--500},
  year={2012},
  publisher={JSTOR}
}
@book{blecher2004operator,
  title={Operator algebras and their modules: an operator space approach},
  author={Blecher, David P and Le Merdy, Christian and others},
  number={30},
  year={2004},
  publisher={Oxford University Press},
  isbn={978-0-198-52659-9}
}
@article{manuilov2000hilbertc,
  title={Hilbert {C}*-and {W}*-modules and their morphisms},
  author={Manuilov, VM and Troitsky, EV},
  journal={Journal of Mathematical Sciences},
  volume={98},
  number={2},
  pages={137--201},
  year={2000},
  publisher={Springer}
}
@article{hines2010structure,
  title={The structure of partial isometries},
  author={Hines, Peter and Braunstein, Samuel L.},
  journal={Semantic Techniques in Quantum Computation},
  pages={361--389},
  year={2010},
  publisher={Cambridge University Press}
}
@article{ghez1985w,
  title={W$^*$-categories},
  author={Ghez, Paul and Lima, Ricardo and Roberts, John},
  journal={Pacific Journal of Mathematics},
  volume={120},
  number={1},
  pages={79--109},
  year={1985},
  publisher={Mathematical Sciences Publishers}
}
@book{davies1976quantum,
  title={Quantum theory of open systems},
  author={Davies, Edward Brian},
  year={1976},
  publisher={Academic Press London},
  isbn={012-2-06150-0}
}
@article{frank1990self,
  title={Self-Duality and  {C}*-Reflexivity of {Hilbert} {C}*-Moduli},
  author={Frank, Michael},
  journal={Zeitschrift f{\"u}r Analysis und ihre Anwendungen},
  volume={9},
  number={2},
  pages={165--176},
  year={1990},
  note={\doi{10.4171/ZAA/390}}
}
@misc{ccby40,
    title = "Creative Commons Attribution 4.0 International Public License",
    note = "\url{https://creativecommons.org/licenses/by/4.0/legalcode}"
}
@book{stormer1963positive,
  title={Positive linear maps of operator algebras},
  author={St{\o}rmer, Erling},
  year={2012},
  publisher={Springer},
  note={\doi{10.1007/978-3-642-34369-8}}
}
@Inbook{Wehrung2017,
  author="Wehrung, Friedrich",
  title="Partial Commutative Monoids",
  bookTitle="Refinement Monoids, Equidecomposability Types, and Boolean Inverse Semigroups",
  year="2017",
  publisher="Springer International Publishing",
  address="Cham",
  pages="23--69",
  isbn="978-3-319-61599-8",
  note="\doi{10.1007/978-3-319-61599-8\_2}",
}

@book{kalmbach1983orthomodular,
  title={Orthomodular lattices},
  author={Kalmbach, Gudrun},
  volume={18},
  year={1983},
  publisher={Academic Pr},
  note={\doi{10.1016/S0304-0208(08)73817-9}}
}
@article{birkhoff1936logic,
  title={The logic of quantum mechanics},
  author={Birkhoff, Garrett and von Neumann, John},
  journal={Annals of Mathematics},
  pages={823--843},
  year={1936},
  publisher={JSTOR},
  note={\doi{10.2307/1968621}}
}

@mastersthesis{brammaster,
    title={Lattice Valuations: a Generalisation of Measure and Integral},
    school={Radboud University},
    author={Westerbaan, Abraham A.},
    year={2012},
    note={\arXiv{1903.06044v1}}
}

@article{brambachelor,
  TITLE = {Statman's Hierarchy Theorem},
  AUTHOR = {Westerbaan, Abraham A. and Westerbaan, Bas E. and Kuyper, Rutger and Tankink, Carst and Viehoff, Remy and Barendregt, Henk P.},
  JOURNAL = {LMCS},
  VOLUME = {13},
  number = {4},
  YEAR = {2017},
  note = {\doi{10.23638/LMCS-13(4:19)2017} \arXiv{1711.05497v2}},
}
@article{carboni1993introduction,
  title={Introduction to extensive and distributive categories},
  author={Carboni, Aurelio and Lack, Stephen and Walters, Robert F.C.},
  journal={Journal of Pure and Applied Algebra},
  volume={84},
  number={2},
  pages={145--158},
  year={1993},
  publisher={Elsevier},
  note={\doi{10.1016/0022-4049(93)90035-R}}
}
@Inproceedings{eja,
  author    = {Westerbaan, Abraham A. and Westerbaan, Bas E. and van de Wetering, John},
  year      = {2019},
  title     = {Pure Maps between {Euclidean} {Jordan} Algebras},
  editor    = {Selinger, Peter and Chiribella, Giulio},
  booktitle = {QPL 2018},
  series    = {EPTCS},
  volume    = {287},
  publisher = {Open Publishing Association},
  pages     = {345-364},
  note       = {\doi{10.4204/EPTCS.287.19}},
}

@article{palais2001pi,
  title={$\pi$ is wrong!},
  author={Palais, Robert A.},
  journal={The mathematical intelligencer},
  volume={23},
  number={3},
  pages={7--8},
  year={2001},
  note={\doi{10.1007/BF03026846}}
}


@book{theseus,
  title={Live of {T}heseus},
  series={Parallel lives},
  author={Plutarch}
}

@article{mayer2010drawing,
  title={Drawing an elephant with four complex parameters},
  author={Mayer, J{\"u}rgen and Khairy, Khaled and Howard, Jonathon},
  journal={American Journal of Physics},
  volume={78},
  number={6},
  pages={648--649},
  year={2010},
  note={\doi{10.1119/1.3254017}}
}

@phdthesis{tull,
  title={Categorical Operational Physics},
  author={Tull, Sean},
  note={\arXiv{1902.00343}},
  year={2019},
  school={University of Oxford}
}
@article{tull2018quotient,
  title={Quotient categories and phases},
  author={Tull, Sean},
  note={\arXiv{1801.09532}},
  year={2018}
}
@Inproceedings{huot,
  author    = {Huot, Mathieu and Staton, Sam},
  year      = {2019},
  title     = {Universal Properties in Quantum Theory},
  booktitle = {QPL 2018},
  series    = {EPTCS},
  volume    = {287},
  pages     = {213--223},
  note       = {\doi{10.4204/EPTCS.287.12}}
}
@article{parzygnat2018stinespring,
  title={Stinespring's construction as an adjunction},
  author={Parzygnat, Arthur J.},
  note={\arXiv{arXiv:1807.02533}},
  year={2018}
}
@article{van2018three,
  title={Three characterisations of the sequential product},
  author={van de Wetering, John},
  journal={Journal of Mathematical Physics},
  volume={59},
  number={8},
  year={2018},
  note={\doi{10.1063/1.5031089} \arXiv{1803.08453}}
}
@article{weteringseqprod,
  title={Sequential Product Spaces are Jordan Algebras},
  author={van de Wetering, John},
  note={\arXiv{1803.11139}}
}
@article{weteringeffthe,
  title={An effect-theoretic reconstruction of quantum theory},
  author={van de Wetering, John},
  note={\arXiv{1801.05798}}
}
@article{karvonen,
  title={Limits in dagger categories},
  author={Heunen, Chris J.M. and Karvonen, Martti},
  note={\arXiv{1803.06651}}
}

