@book{lane78categories,
  author =	 {Saunders Mac Lane},
  title =	 {Categories for the Working Mathematician},
  year =	 1978,
  publisher =	 {Springer New York},
  url =		 {https://doi.org/10.1007/978-1-4757-4721-8},
  DATE_ADDED =	 {Sun Apr 2 11:50:04 2017},
  doi =		 {10.1007/978-1-4757-4721-8},
  pages =	 {nil},
  series =	 {Graduate Texts in Mathematics},
}

@article{kan58adjoint,
  author =	 {Daniel M. Kan},
  title =	 {Adjoint Functors},
  journal =	 {Transactions of the American Mathematical Society},
  volume =	 87,
  number =	 2,
  pages =	 {294-294},
  year =	 1958,
  doi =		 {10.1090/s0002-9947-1958-0131451-0},
  url =		 {https://doi.org/10.1090/s0002-9947-1958-0131451-0},
  DATE_ADDED =	 {Sun Apr 2 12:07:22 2017},
}

@inbook{aluffi09_rings,
  DATE_ADDED =	 {Tue Apr 4 22:59:40 2017},
  author =	 {Paolo Aluffi},
  booktitle =	 {Graduate Studies in Mathematics},
  doi =		 {10.1090/gsm/104/03},
  pages =	 {119-186},
  publisher =	 {American Mathematical Society (AMS)},
  series =	 {Graduate Studies in Mathematics},
  title =	 {Rings and modules},
  url =		 {https://doi.org/10.1090/gsm/104/03},
  year =	 {2009},
}

@article{brauer17,
  author =	 {Steven Awodey and Andrej Brauer},
  title =	 {Introduction to categorical logic},
  year =	 2017,
  url =		 {https://www.andrew.cmu.edu/user/awodey/catlog/notes/catlog0.pdf},
}

@inbook{aluffi09_prelim,
  DATE_ADDED =	 {Tue May 9 10:19:45 2017},
  author =	 {Paolo Aluffi},
  booktitle =	 {Algebra: Chapter 0},
  doi =		 {10.1090/gsm/104/01},
  pages =	 {1-39},
  publisher =	 {American Mathematical Society},
  series =	 {Graduate Studies in Mathematics},
  title =	 {Algebra Chapter 0 - Preliminaries: Set theory and categories},
  url =		 {https://doi.org/10.1090/gsm/104/01},
  year =	 {2009},
}

