
@article{Clementino_Hofmann_2011, title={On the completion monad via the Yoneda embedding in quasi-uniform spaces}, volume={158}, ISSN={01668641}, DOI={10.1016/j.topol.2011.01.026}, number={17}, journal={Topology and its Applications}, author={Clementino, Maria Manuel and Hofmann, Dirk}, year={2011}, month={Nov}, pages={24232430} }

@book{Tom, place={Cambridge, United Kingdom}, series={Cambridge studies in advanced mathematics}, title={Basic category theory}, ISBN={9781107044241}, abstractNote={“At the heart of this short introduction to category theory is the idea of a universal property, important throughout mathematics. After an introductory chapter giving the basic definitions, separate chapters explain three ways of expressing universal properties: via adjoint functors, representable functors, and limits. A final chapter ties all three together.”--}, publisher={Cambridge University Press}, author={Leinster, Tom}, year={2014}, collection={Cambridge studies in advanced mathematics} }

@book{Fletcher_Lindgren_1982, place={New York}, series={Lecture notes in pure and applied mathematics}, title={Quasi-uniform spaces}, ISBN={9780824718398}, publisher={M. Dekker}, author={Fletcher, Peter and Lindgren, William F.}, year={1982}, collection={Lecture notes in pure and applied mathematics} }

@book{Riehl_2016, place={Mineola, New York}, series={Aurora: Dover modern math originals}, title={Category theory in context}, ISBN={9780486809038}, publisher={Dover Publications}, author={Riehl, Emily}, year={2016}, collection={Aurora: Dover modern math originals} }
